2580 5076
557 640 915 718 LECTORI
960 639 998 715 S.

295 877 387 1019 Inar
403 953 476 1017 oiim
498 952 651 1018 Bahioenst
668 953 789 1018 editioni
811 955 956 1020 Athenaei
973 955 1067 1019 Index
1089 955 1261 1022 Audiorunt

293 1051 443 1132 praefixus
458 1068 542 1124 erat,
562 1051 622 1114 boc
635 1050 744 1114 titulo:
770 1053 931 1134 Scriptorum
945 1053 1038 1133 quibus
1050 1054 1205 1113 Athenaeus
1218 1054 1261 1114 uti

288 1145 378 1226 solet,
394 1145 423 1203 (r
438 1169 523 1204 rorum
540 1166 605 1226 quar
621 1145 726 1226 quisque
739 1143 874 1226 scripserit
890 1146 1040 1227 catalogus.
1065 1146 1191 1207 Audior
1206 1146 1262 1209 de·

294 1235 364 1298 inde
382 1237 407 1296 is
427 1234 594 1316 Cataiogur
618 1236 715 1297 editus
736 1234 813 1297 esta
837 1234 1053 1318 Dalecampio,
1080 1237 1111 1298 dr
1138 1235 1259 1300 [atinae

293 1327 426 1389 marioni
451 1329 596 1392 Athenaei
617 1328 776 1410 praefixus.
805 1326 886 1390 Tum
909 1330 987 1390 idem
1009 1329 1261 1412 Daiecampianus

295 1421 477 1503 (amingus,
497 1422 601 1501 paucis
608 1421 726 1502 quidem
738 1422 768 1483 in
778 1421 851 1483 locis
864 1420 1014 1484 corrediun
1028 1421 1260 1504 suppletusque,

295 1515 439 1595 repetitus
453 1512 496 1574 ess
512 1515 542 1574 in
561 1512 662 1576 fronte
678 1513 820 1576 editionis
830 1512 973 1578 secundae
991 1516 1018 1575 dt
1036 1516 1136 1576 tertiae
1148 1513 1260 1578 (lasau-

294 1606 457 1669 bonianae:
475 1608 554 1670 unde
563 1606 700 1669 eumdem
711 1605 861 1668 Fabricius
876 1606 1075 1670 Bibliothecae
1088 1607 1156 1670 suae
1167 1607 1262 1671 Grae·

294 1699 400 1763 raeT.
415 1698 471 1760 ΙΙΙ.
492 1719 521 1779 p.
540 1698 702 1777 ⁶35·⁶95·
722 1696 853 1758 inseruit.
870 1695 942 1774 Sed,
962 1716 997 1761 ut
1021 1716 1131 1762 taoeam
1152 1698 1258 1762 omiisa

295 1792 421 1872 piurima
436 1791 485 1853 vel
500 1792 619 1855 nomina
638 1791 806 1853 hunorum
826 1789 876 1851 vel
890 1791 957 1854 ioca
975 1792 1014 1854 ab
1034 1794 1190 1856 Athenaeo
1209 1794 1261 1856 ci·

295 1902 374 1959 tara,
385 1887 424 1946 ira
444 1886 579 1947 turbatus
595 1884 643 1947 ille
659 1884 746 1945 index
762 1901 840 1958 erar,
865 1884 897 1946 dt
910 1900 991 1947 tanta
1008 1884 1193 1949 multitudine
1205 1904 1263 1948 er-

295 1997 428 2041 ratorum
448 1980 593 2061 cuiusque
610 1978 727 2059 generis
745 1996 960 2061 usquequaque
980 1979 1126 2054 scatebat,
1144 1999 1177 2042 ut
1198 2000 1261 2044 no·

295 2072 344 2139 his
363 2092 426 2134 oon
447 2061 740 2154 pathm'eorrigendi
761 2090 813 2134 aut
831 2069 1004 2155 supplendi,
1031 2073 1077 2137 sed
1100 2074 1191 2137 totius
1206 2095 1258 2138 re·

295 2165 424 2248 fingendi
446 2186 480 2229 ac
498 2168 580 2228 velut
600 2169 636 2226 de
656 2185 738 2230 novo
757 2167 935 2229 conficiendi
956 2167 1040 2230 labor
1059 2165 1148 2230 fuerit
1167 2167 1263 2234 susci·

295 2261 429 2345 piendus.
462 2263 497 2323 ln
521 2264 580 2323 hoc
609 2260 712 2323 nostro
735 2260 834 2322 lndiee
858 2284 976 2322 numerus
998 2263 1136 2326 Romanus
1163 2266 1260 2328 librum

296 2357 434 2418 Arroni
451 2356 580 2430 indicat,
600 2355 734 2417 Arabicus
752 2375 820 2418 cum
840 2356 954 2419 adiediis
963 2357 1053 2420 literis
1061 2383 1089 2421 a.
1100 2361 1126 2422 b.
1137 2360 1195 2422 duc.
1204 2383 1262 2440 pa·

295 2448 385 2529 pium
403 2449 542 2509 editionum
559 2446 843 2526 casaubonianarum,
873 2465 1075 2532 praeterquam
1090 2451 1141 2512 ubi
1155 2450 1262 2515 diserte

173 2548 180 2562 '
298 2541 444 2602 monitum
464 2539 553 2603 fuerit
574 2541 695 2603 indicari
712 2561 794 2624 caput
807 2563 856 2604 aur
869 2543 996 2624 paginam
1013 2546 1112 2625 nostrae
1132 2545 1263 2608 editionis.

296 2631 424 2707 Adiedia
438 2631 536 2714 paifim
549 2633 630 2696 litera
648 2656 676 2695 n.
692 2634 727 2694 ad
741 2635 831 2694 Notas
848 2633 898 2695 vel
911 2633 1154 2714 Animadverstonrs
1167 2632 1264 2696 refer·

296 2737 358 2786 tur.
378 2721 534 2787 Caeterum
553 2725 583 2787 in
607 2725 666 2787 hoc
691 2724 791 2788 Indice
808 2723 922 2786 nonniii
940 2743 974 2788 ea
994 2724 1158 2806 posuimus,
1182 2745 1262 2808 quae

297 2819 335 2881 ad
346 2821 450 2902 Scripta
464 2822 591 2883 maxime
605 2819 737 2904 speiiant
750 2820 789 2881 ab
797 2820 955 2883 Athenaeo
965 2839 1145 2896 memorata,
1168 2838 1218 2884 aut
1239 2821 1262 2883 ii

296 2930 358 2994 qua
375 2911 441 2975 sunt
461 2933 538 2997 quae
553 2914 589 2975 ad
608 2916 733 2977 Auiloris
751 2914 897 2997 cuiusque
915 2937 1006 2977 nomm
1024 2932 1077 2978 aut
1095 2913 1132 2976 ad
1156 2913 1263 2997 perso-

298 3025 368 3070 nam
392 3008 454 3069 eius
478 3007 686 3090 iniigniendam
712 3007 880 3088 pertinent,
899 3008 929 3069 dt
951 3009 987 3067 ad
1008 3007 1097 3068 alium
1116 3005 1153 3067 ab
1176 3005 1264 3083 aliis,

185 3166 192 3173 ,
298 3101 352 3180 qui
377 3120 445 3161 cum
472 3101 531 3164 hoc
556 3099 640 3164 facile
668 3100 808 3162 confundi
831 3117 987 3183 poterant,
1014 3099 1261 3181 distinguendum.

299 3193 392 3276 Quae
407 3215 480 3257 vero
490 3215 550 3258 non
570 3214 629 3257 tam
644 3198 678 3256 ad
690 3196 800 3276 Scripta
816 3194 970 3257 audioruni
987 3197 1149 3277 pertinent,
1166 3211 1261 3274 quam

298 3289 336 3351 ad
349 3289 492 3370 reliquam
510 3309 614 3352 eorum
631 3290 730 3350 Vitam
744 3309 779 3352 ac
795 3289 856 3351 iata
872 3308 923 3352 aut
939 3307 985 3351 res
1000 3287 1107 3370 gestas,
1122 3287 1201 3348 eain
1215 3289 1265 3350 In·

298 3383 353 3446 bct
367 3386 461 3444 Rerum
480 3385 509 3446 (r
524 3383 697 3464 Personarum
714 3384 882 3466 quaerenda
901 3381 975 3445 sunt.

340 3489 444 3574 Scripsi
461 3492 671 3577 Argentorati,
686 3488 786 3553 mense
802 3488 891 3554 lunio
912 3484 1117 3553 MDccch
